/Users/janwesterdiep/Dropbox/PhD/library.bib